@article{fips,
	author="NIST",
	title="Specification for the ADVANCED ENCRYPTION STANDARD (AES)",
	year="2001"
}

@misc{crypto,
	author="Pelosi G., Barenghi A.",
	title="Appunti del corso Cryptography and Security of Digital Devices"
}

@misc{sched,
	author="Avi Kak",
	title="Lecture 8: AES: The Advanced Encryption Standard",
	year="2018",
	address="Purdue University"
}
